<?xml version="1.0" encoding="UTF-8"?><collection xmlns="http://www.loc.gov/MARC21/slim"><record><leader>00513nam--2200193-u-4500</leader><controlfield tag="001">000056484</controlfield><controlfield tag="002">20161230</controlfield><controlfield tag="005">20161230201052</controlfield><controlfield tag="008">151029s1000------------r-----000-0-rus-d</controlfield><datafield ind1=" " ind2=" " tag="040"><subfield code="a">IFIN-HH</subfield></datafield><datafield ind1=" " ind2=" " tag="041"><subfield code="a">rus</subfield></datafield><datafield ind1=" " ind2=" " tag="080"><subfield code="a">535.338</subfield></datafield><datafield ind1="1" ind2=" " tag="100"><subfield code="a">Zaideli, A.N</subfield></datafield><datafield ind1="1" ind2="0" tag="245"><subfield code="a">Tablliti spektralnih linii</subfield><subfield code="c">A.n. zaideli, v.k. prokofiev, s.m. raiskii</subfield></datafield><datafield ind1=" " ind2=" " tag="260"><subfield code="a">Moskva</subfield><subfield code="b">Tehniko-teoreticeskoi Literaturi</subfield><subfield code="c">1952</subfield></datafield><datafield ind1=" " ind2=" " tag="300"><subfield code="a">559P</subfield></datafield><datafield ind1="1" ind2=" " tag="700"><subfield code="a">Raiskii, S.M</subfield></datafield><datafield ind1=" " ind2=" " tag="852"><subfield code="a">2292</subfield><subfield code="c">53.081</subfield></datafield><datafield ind1=" " ind2=" " tag="CAT"><subfield code="a">Sys</subfield><subfield code="c">20151029</subfield><subfield code="h">151322</subfield></datafield></record></collection>